<?xml version="1.0" encoding="UTF-8"?>
<collection xmlns:xsi="http://www.w3.org/2001/XMLSchema-instance" xsi:schemaLocation="http://www.loc.gov/MARC21/slim http://www.loc.gov/standards/marcxml/schema/MARC21slim.xsd" xmlns="http://www.loc.gov/MARC21/slim">
<record>
  <leader>00969cam a2200265   4500</leader>
  <controlfield tag="001">3076644</controlfield>
  <controlfield tag="003">NNC</controlfield>
  <controlfield tag="005">20130520200908.0</controlfield>
  <controlfield tag="008">950508s1955    ua h     b    000 0 araod</controlfield>
  <datafield tag="035" ind1=" " ind2=" ">
    <subfield code="a">(OCoLC)ocm32438739</subfield>
  </datafield>
  <datafield tag="035" ind1=" " ind2=" ">
    <subfield code="9">ATQ0252CU</subfield>
  </datafield>
  <datafield tag="035" ind1=" " ind2=" ">
    <subfield code="a">(NNC)3076644</subfield>
  </datafield>
  <datafield tag="035" ind1=" " ind2=" ">
    <subfield code="a">3076644</subfield>
  </datafield>
  <datafield tag="040" ind1=" " ind2=" ">
    <subfield code="a">CUY</subfield>
    <subfield code="c">CUY</subfield>
    <subfield code="d">OCL</subfield>
    <subfield code="d">GZM</subfield>
    <subfield code="d">ZCU</subfield>
  </datafield>
  <datafield tag="099" ind1=" " ind2=" ">
    <subfield code="a">893.791</subfield>
    <subfield code="a">K1123</subfield>
  </datafield>
  <datafield tag="100" ind1="1" ind2=" ">
    <subfield code="a">Ahwānī, Aḥmad Fuʼād,</subfield>
    <subfield code="d">-1970.</subfield>
  </datafield>
  <datafield tag="245" ind1="1" ind2="3">
    <subfield code="a">al-Tarbīyah fī al-Islām aw al-taʻlīm fī raʾy al-Qābisī.</subfield>
  </datafield>
  <datafield tag="260" ind1=" " ind2=" ">
    <subfield code="a">Al-Qāhirah</subfield>
    <subfield code="b">Dār Ihyāʾ al-kutub al-ʻArabiyah.</subfield>
    <subfield code="c">1955.</subfield>
  </datafield>
  <datafield tag="300" ind1=" " ind2=" ">
    <subfield code="a">381 p.</subfield>
    <subfield code="b">facsims.</subfield>
    <subfield code="c">25cm.</subfield>
  </datafield>
  <datafield tag="504" ind1=" " ind2=" ">
    <subfield code="a">Bibliography: p. 371-376.</subfield>
  </datafield>
  <datafield tag="650" ind1=" " ind2="0">
    <subfield code="a">Islamic education.</subfield>
  </datafield>
  <datafield tag="600" ind1="1" ind2="0">
    <subfield code="a">Qābisī, ʻAlī ibn Muḥammad,</subfield>
    <subfield code="d">936-1012.</subfield>
  </datafield>
  <datafield tag="700" ind1="1" ind2=" ">
    <subfield code="a">Qābisī, ʻAlī ibn Muḥammad,</subfield>
    <subfield code="d">936-1012.</subfield>
    <subfield code="t">Risālah al- mufaṣṣalah.</subfield>
  </datafield>
  <datafield tag="700" ind1="1" ind2=" ">
    <subfield code="a">Ibn Saḥnūn, Muḥammad ibn ʻAbd al-Salām,</subfield>
    <subfield code="d">1817 or 1818-1869 or 1870.</subfield>
    <subfield code="t">Adāb al-muʻallimīn.</subfield>
  </datafield>
  <datafield tag="955" ind1=" " ind2=" ">
    <subfield code="b">CU58887652</subfield>
    <subfield code="d">off,glx</subfield>
    <subfield code="e">893.791 K1123</subfield>
  </datafield>
</record>
</collection>